% All references exported from Google Scholar BibTex format

% SCRIBER
@article{zhang2019scriber,
  title={SCRIBER: accurate and partner type-specific prediction of protein-binding residues from proteins sequences},
  author={Zhang, Jian and Kurgan, Lukasz},
  journal={Bioinformatics},
  volume={35},
  number={14},
  pages={i343--i353},
  year={2019},
  publisher={Oxford University Press}
}

% DLPred
@article{zhang2019sequence,
  title={Sequence-based prediction of protein-protein interaction sites by simplified long short-term memory network},
  author={Zhang, Buzhong and Li, Jinyan and Quan, Lijun and Chen, Yu and L{\"u}, Qiang},
  journal={Neurocomputing},
  volume={357},
  pages={86--100},
  year={2019},
  publisher={Elsevier}
}

% survey Lukasz, big DS
@article{zhang2019comprehensive,
  title={Comprehensive review and empirical analysis of hallmarks of DNA-, RNA-and protein-binding residues in protein chains},
  author={Zhang, Jian and Ma, Zhiqiang and Kurgan, Lukasz},
  journal={Briefings in bioinformatics},
  volume={20},
  number={4},
  pages={1250--1268},
  year={2019},
  publisher={Oxford University Press}
}

% survey Lukasz, early survey
@article{zhang2018review,
  title={Review and comparative assessment of sequence-based predictors of protein-binding residues},
  author={Zhang, Jian and Kurgan, Lukasz},
  journal={Briefings in bioinformatics},
  volume={19},
  number={5},
  pages={821--837},
  year={2018},
  publisher={Oxford University Press}
}

% ProtVec embedding
@article{asgari2015continuous,
  title={Continuous distributed representation of biological sequences for deep proteomics and genomics},
  author={Asgari, Ehsaneddin and Mofrad, Mohammad RK},
  journal={PloS one},
  volume={10},
  number={11},
  year={2015},
  publisher={Public Library of Science}
}

% CD-hit1
@article{li2006cd,
  title={Cd-hit: a fast program for clustering and comparing large sets of protein or nucleotide sequences},
  author={Li, Weizhong and Godzik, Adam},
  journal={Bioinformatics},
  volume={22},
  number={13},
  pages={1658--1659},
  year={2006},
  publisher={Oxford University Press}
}

% CD-hit2
@article{fu2012cd,
  title={CD-HIT: accelerated for clustering the next-generation sequencing data},
  author={Fu, Limin and Niu, Beifang and Zhu, Zhengwei and Wu, Sitao and Li, Weizhong},
  journal={Bioinformatics},
  volume={28},
  number={23},
  pages={3150--3152},
  year={2012},
  publisher={Oxford University Press}
}





% keras
@misc{chollet2015keras,
  title={Keras},
  author={Chollet, Fran\c{c}ois and others},
  year={2015},
  howpublished={\url{https://keras.io}},
}

% tensorFlow
@misc{tensorflow2015-whitepaper,
title={{TensorFlow}: Large-Scale Machine Learning on Heterogeneous Systems},
url={http://tensorflow.org/},
note={Software available from tensorflow.org},
author={
    Mart\'{\i}n~Abadi and
    Ashish~Agarwal and
    Paul~Barham and
    Eugene~Brevdo and
    Zhifeng~Chen and
    Craig~Citro and
    Greg~S.~Corrado and
    Andy~Davis and
    Jeffrey~Dean and
    Matthieu~Devin and
    Sanjay~Ghemawat and
    Ian~Goodfellow and
    Andrew~Harp and
    Geoffrey~Irving and
    Michael~Isard and
    Yangqing Jia and
    Rafal~Jozefowicz and
    Lukasz~Kaiser and
    Manjunath~Kudlur and
    Josh~Levenberg and
    Dan~Man\'{e} and
    Rajat~Monga and
    Sherry~Moore and
    Derek~Murray and
    Chris~Olah and
    Mike~Schuster and
    Jonathon~Shlens and
    Benoit~Steiner and
    Ilya~Sutskever and
    Kunal~Talwar and
    Paul~Tucker and
    Vincent~Vanhoucke and
    Vijay~Vasudevan and
    Fernanda~Vi\'{e}gas and
    Oriol~Vinyals and
    Pete~Warden and
    Martin~Wattenberg and
    Martin~Wicke and
    Yuan~Yu and
    Xiaoqiang~Zheng},
  year={2015},
}

% early stopping
@incollection{prechelt1998early,
  title={Early stopping-but when?},
  author={Prechelt, Lutz},
  booktitle={Neural Networks: Tricks of the trade},
  pages={55--69},
  year={1998},
  publisher={Springer}
}

% ROC
@article{fawcett2006introduction,
  title={An introduction to ROC analysis},
  author={Fawcett, Tom},
  journal={Pattern recognition letters},
  volume={27},
  number={8},
  pages={861--874},
  year={2006},
  publisher={Elsevier}
}

% class_weight
@article{ting2002instance,
  title={An instance-weighting method to induce cost-sensitive trees},
  author={Ting, Kai Ming},
  journal={IEEE Transactions on Knowledge and Data Engineering},
  volume={14},
  number={3},
  pages={659--665},
  year={2002},
  publisher={IEEE}
}

% SPRINT
@article{li2017sprint,
  title={SPRINT: ultrafast protein-protein interaction prediction of the entire human interactome},
  author={Li, Yiwei and Ilie, Lucian},
  journal={BMC bioinformatics},
  volume={18},
  number={1},
  pages={485},
  year={2017},
  publisher={BioMed Central}
}

@article{altschul1997gapped,
  title={Gapped BLAST and PSI-BLAST: a new generation of protein database search programs},
  author={Altschul, Stephen F and Madden, Thomas L and Sch{\"a}ffer, Alejandro A and Zhang, Jinghui and Zhang, Zheng and Miller, Webb and Lipman, David J},
  journal={Nucleic acids research},
  volume={25},
  number={17},
  pages={3389--3402},
  year={1997},
  publisher={Oxford University Press}
}

% HHBlits
@article{remmert2012hhblits,
  title={HHblits: lightning-fast iterative protein sequence searching by HMM-HMM alignment},
  author={Remmert, Michael and Biegert, Andreas and Hauser, Andreas and S{\"o}ding, Johannes},
  journal={Nature methods},
  volume={9},
  number={2},
  pages={173},
  year={2012},
  publisher={Nature Publishing Group}
}

% ASAQuick
@article{faraggi2014accurate,
  title={Accurate single-sequence prediction of solvent accessible surface area using local and global features},
  author={Faraggi, Eshel and Zhou, Yaoqi and Kloczkowski, Andrzej},
  journal={Proteins: Structure, Function, and Bioinformatics},
  volume={82},
  number={11},
  pages={3170--3176},
  year={2014},
  publisher={Wiley Online Library}
}

@article{vacic2007composition,
  title={Composition Profiler: a tool for discovery and visualization of amino acid composition differences},
  author={Vacic, Vladimir and Uversky, Vladimir N and Dunker, A Keith and Lonardi, Stefano},
  journal={BMC bioinformatics},
  volume={8},
  number={1},
  pages={211},
  year={2007},
  publisher={Springer}
}

% ANCHOR
@article{dosztanyi2009anchor,
  title={ANCHOR: web server for predicting protein binding regions in disordered proteins},
  author={Doszt{\'a}nyi, Zsuzsanna and M{\'e}sz{\'a}ros, B{\'a}lint and Simon, Istv{\'a}n},
  journal={Bioinformatics},
  volume={25},
  number={20},
  pages={2745--2746},
  year={2009},
  publisher={Oxford University Press}
}

@article{wimley1996experimentally,
  title={Experimentally determined hydrophobicity scale for proteins at membrane interfaces},
  author={Wimley, William C and White, Stephen H},
  journal={Nature structural biology},
  volume={3},
  number={10},
  pages={842--848},
  year={1996},
  publisher={Nature Publishing Group}
}

@article{kyte1982simple,
  title={A simple method for displaying the hydropathic character of a protein},
  author={Kyte, Jack and Doolittle, Russell F},
  journal={Journal of molecular biology},
  volume={157},
  number={1},
  pages={105--132},
  year={1982},
  publisher={Elsevier}
}

@article{li2008prediction,
  title={Prediction of protein-protein binding site by using core interface residue and support vector machine},
  author={Li, Nan and Sun, Zhonghua and Jiang, Fan},
  journal={BMC bioinformatics},
  volume={9},
  number={1},
  pages={553},
  year={2008},
  publisher={Springer}
}

% SPIDER
@article{porollo2007prediction,
  title={Prediction-based fingerprints of protein--protein interactions},
  author={Porollo, Aleksey and Meller, Jaros{\l}aw},
  journal={Proteins: Structure, Function, and Bioinformatics},
  volume={66},
  number={3},
  pages={630--645},
  year={2007},
  publisher={Wiley Online Library}
}

% LORIS and ds164
@article{dhole2014sequence,
  title={Sequence-based prediction of protein--protein interaction sites with L1-logreg classifier},
  author={Dhole, Kaustubh and Singh, Gurdeep and Pai, Priyadarshini P and Mondal, Sukanta},
  journal={Journal of theoretical biology},
  volume={348},
  pages={47--54},
  year={2014},
  publisher={Elsevier}
}

% SPRINT book chapter
@incollection{li2020predicting,
  title={Predicting Protein--Protein Interactions Using SPRINT},
  author={Li, Yiwei and Ilie, Lucian},
  booktitle={Protein-Protein Interaction Networks},
  pages={1--11},
  year={2020},
  publisher={Springer}
}

% SPRINT-interface
@article{taherzadeh2016sequence,
  title={Sequence-based prediction of protein--peptide binding sites using support vector machine},
  author={Taherzadeh, Ghazaleh and Yang, Yuedong and Zhang, Tuo and Liew, Alan Wee-Chung and Zhou, Yaoqi},
  journal={Journal of computational chemistry},
  volume={37},
  number={13},
  pages={1223--1229},
  year={2016},
  publisher={Wiley Online Library}
}

% CRF-PPI
@article{wei2015cascade,
  title={A cascade random forests algorithm for predicting protein-protein interaction sites},
  author={Wei, Zhi-Sen and Yang, Jing-Yu and Shen, Hong-Bin and Yu, Dong-Jun},
  journal={IEEE transactions on nanobioscience},
  volume={14},
  number={7},
  pages={746--760},
  year={2015},
  publisher={IEEE}
}

% scikit-learn
@article{scikit-learn,
 title={Scikit-learn: Machine Learning in {P}ython},
 author={Pedregosa, F. and Varoquaux, G. and Gramfort, A. and Michel, V.
         and Thirion, B. and Grisel, O. and Blondel, M. and Prettenhofer, P.
         and Weiss, R. and Dubourg, V. and Vanderplas, J. and Passos, A. and
         Cournapeau, D. and Brucher, M. and Perrot, M. and Duchesnay, E.},
 journal={Journal of Machine Learning Research},
 volume={12},
 pages={2825--2830},
 year={2011}
}


@article{hwang2008protein,
  title={Protein--protein docking benchmark version 3.0},
  author={Hwang, Howook and Pierce, Brian and Mintseris, Julian and Janin, Jo{\"e}l and Weng, Zhiping},
  journal={Proteins: Structure, Function, and Bioinformatics},
  volume={73},
  number={3},
  pages={705--709},
  year={2008},
  publisher={Wiley Online Library}
}

% PPI survey
@article{bonetta2010interactome,
  title={Interactome under construction},
  author={Bonetta, Laura},
  journal={Nature},
  volume={468},
  number={7325},
  pages={851--852},
  year={2010},
  publisher={Nature Publishing Group}
}

% PDB
@article{berman2002protein,
  title={The protein data bank},
  author={Berman, Helen M and Battistuz, Tammy and Bhat, Talapady N and Bluhm, Wolfgang F and Bourne, Philip E and Burkhardt, Kyle and Feng, Zukang and Gilliland, Gary L and Iype, Lisa and Jain, Shri and others},
  journal={Acta Crystallographica Section D: Biological Crystallography},
  volume={58},
  number={6},
  pages={899--907},
  year={2002},
  publisher={International Union of Crystallography}
}

@article{shoemaker2007deciphering,
  title={Deciphering protein--protein interactions. Part I. Experimental techniques and databases},
  author={Shoemaker, Benjamin A and Panchenko, Anna R},
  journal={PLoS computational biology},
  volume={3},
  number={3},
  year={2007},
  publisher={Public Library of Science}
}


%%%%%%%%%%%%%%%%%%%
% ppi sites method:

@article{london2010structural,
  title={The structural basis of peptide-protein binding strategies},
  author={London, Nir and Movshovitz-Attias, Dana and Schueler-Furman, Ora},
  journal={Structure},
  volume={18},
  number={2},
  pages={188--199},
  year={2010},
  publisher={Elsevier}
}

@article{asadabadi2013predictions,
  title={Predictions of protein-protein interfaces within membrane protein complexes},
  author={Asadabadi, Ebrahim Barzegari and Abdolmaleki, Parviz},
  journal={Avicenna journal of medical biotechnology},
  volume={5},
  number={3},
  pages={148},
  year={2013},
  publisher={Avicenna Research Institute}
}

% ds_186, PSIVER
@article{murakami2010applying,
  title={Applying the Na{\"\i}ve Bayes classifier with kernel density estimation to the prediction of protein--protein interaction sites},
  author={Murakami, Yoichi and Mizuguchi, Kenji},
  journal={Bioinformatics},
  volume={26},
  number={15},
  pages={1841--1848},
  year={2010},
  publisher={Oxford University Press}
}

% springs, ds_186
@techreport{singh2014springs,
  title={SPRINGS: prediction of protein-protein interaction sites using artificial neural networks},
  author={Singh, Gurdeep and Dhole, Kaustubh and Pai, Priyadarshini P and Mondal, Sukanta},
  year={2014},
  institution={PeerJ PrePrints}
}

@article{laine2015local,
  title={Local geometry and evolutionary conservation of protein surfaces reveal the multiple recognition patches in protein-protein interactions},
  author={Laine, Elodie and Carbone, Alessandra},
  journal={PLoS computational biology},
  volume={11},
  number={12},
  year={2015},
  publisher={Public Library of Science}
}

@article{hwang2016hybrid,
  title={A hybrid method for protein--protein interface prediction},
  author={Hwang, Howook and Petrey, Donald and Honig, Barry},
  journal={Protein Science},
  volume={25},
  number={1},
  pages={159--165},
  year={2016},
  publisher={Wiley Online Library}
}

@article{maheshwari2015prediction,
  title={Prediction of protein--protein interaction sites from weakly homologous template structures using meta-threading and machine learning},
  author={Maheshwari, Surabhi and Brylinski, Michal},
  journal={Journal of Molecular Recognition},
  volume={28},
  number={1},
  pages={35--48},
  year={2015},
  publisher={Wiley Online Library}
}

@article{liu2016prediction,
  title={Prediction of protein--protein interaction sites with machine-learning-based data-cleaning and post-filtering procedures},
  author={Liu, Guang-Hui and Shen, Hong-Bin and Yu, Dong-Jun},
  journal={The Journal of membrane biology},
  volume={249},
  number={1-2},
  pages={141--153},
  year={2016},
  publisher={Springer}
}

% SSWRF
@article{wei2016protein,
  title={Protein--protein interaction sites prediction by ensembling SVM and sample-weighted random forests},
  author={Wei, Zhi-Sen and Han, Ke and Yang, Jing-Yu and Shen, Hong-Bin and Yu, Dong-Jun},
  journal={Neurocomputing},
  volume={193},
  pages={201--212},
  year={2016},
  publisher={Elsevier}
}

@article{maheshwari2016template,
  title={Template-based identification of protein--protein interfaces using eFindSitePPI},
  author={Maheshwari, Surabhi and Brylinski, Michal},
  journal={Methods},
  volume={93},
  pages={64--71},
  year={2016},
  publisher={Elsevier}
}

% DeepPPISP
@article{zeng2019protein,
  title={Protein--protein interaction site prediction through combining local and global features with deep neural networks},
  author={Zeng, Min and Zhang, Fuhao and Wu, Fang-Xiang and Li, Yaohang and Wang, Jianxin and Li, Min},
  journal={Bioinformatics},
  year={2019}
}

@article{xie2020prediction,
  title={Prediction of Protein--Protein Interaction Sites Using Convolutional Neural Network and Improved Data Sets},
  author={Xie, Zengyan and Deng, Xiaoya and Shu, Kunxian},
  journal={International Journal of Molecular Sciences},
  volume={21},
  number={2},
  pages={467},
  year={2020},
  publisher={Multidisciplinary Digital Publishing Institute}
}

@article{jones2012psicov,
  title={PSICOV: precise structural contact prediction using sparse inverse covariance estimation on large multiple sequence alignments},
  author={Jones, David T and Buchan, Daniel WA and Cozzetto, Domenico and Pontil, Massimiliano},
  journal={Bioinformatics},
  volume={28},
  number={2},
  pages={184--190},
  year={2012},
  publisher={Oxford University Press}
}

@article{chen2009sequence,
  title={Sequence-based prediction of protein interaction sites with an integrative method},
  author={Chen, Xue-wen and Jeong, Jong Cheol},
  journal={Bioinformatics},
  volume={25},
  number={5},
  pages={585--591},
  year={2009},
  publisher={Oxford University Press}
}

% pipe-sites
@article{amos2011binding,
  title={Binding site prediction for protein-protein interactions and novel motif discovery using re-occurring polypeptide sequences},
  author={Amos-Binks, Adam and Patulea, Catalin and Pitre, Sylvain and Schoenrock, Andrew and Gui, Yuan and Green, James R and Golshani, Ashkan and Dehne, Frank},
  journal={BMC bioinformatics},
  volume={12},
  number={1},
  pages={225},
  year={2011},
  publisher={Springer}
}

@article{heinzinger2019modeling,
  title={Modeling aspects of the language of life through transfer-learning protein sequences},
  author={Heinzinger, Michael and Elnaggar, Ahmed and Wang, Yu and Dallago, Christian and Nechaev, Dmitrii and Matthes, Florian and Rost, Burkhard},
  journal={BMC bioinformatics},
  volume={20},
  number={1},
  pages={723},
  year={2019},
  publisher={Springer}
}

% provec2
@article{asgari2019probabilistic,
  title={Probabilistic variable-length segmentation of protein sequences for discriminative motif discovery (DiMotif) and sequence embedding (ProtVecX)},
  author={Asgari, Ehsaneddin and McHardy, Alice C and Mofrad, Mohammad RK},
  journal={Scientific reports},
  volume={9},
  number={1},
  pages={1--16},
  year={2019},
  publisher={Nature Publishing Group}
}

@article{ofran2007isis,
  title={ISIS: interaction sites identified from sequence},
  author={Ofran, Yanay and Rost, Burkhard},
  journal={Bioinformatics},
  volume={23},
  number={2},
  pages={e13--e16},
  year={2007},
  publisher={Oxford University Press}
}

@article{cao2006enhanced,
  title={Enhanced recognition of protein transmembrane domains with prediction-based structural profiles},
  author={Cao, Baoqiang and Porollo, Aleksey and Adamczak, Rafal and Jarrell, Mark and Meller, Jaroslaw},
  journal={Bioinformatics},
  volume={22},
  number={3},
  pages={303--309},
  year={2006},
  publisher={Oxford University Press}
}

@article{du2009improved,
  title={Improved prediction of protein binding sites from sequences using genetic algorithm},
  author={Du, Xiuquan and Cheng, Jiaxing and Song, Jie},
  journal={The protein journal},
  volume={28},
  number={6},
  pages={273--280},
  year={2009},
  publisher={Springer}
}

@article{chen2010sequence,
  title={Sequence-based identification of interface residues by an integrative profile combining hydrophobic and evolutionary information},
  author={Chen, Peng and Li, Jinyan},
  journal={BMC bioinformatics},
  volume={11},
  number={1},
  pages={402},
  year={2010},
  publisher={Springer}
}

@article{xue2011homppi,
  title={HomPPI: a class of sequence homology based protein-protein interface prediction methods},
  author={Xue, Li C and Dobbs, Drena and Honavar, Vasant},
  journal={BMC bioinformatics},
  volume={12},
  number={1},
  pages={244},
  year={2011},
  publisher={Springer}
}

@article{wang2014fast,
  title={Fast prediction of protein--protein interaction sites based on extreme learning machines},
  author={Wang, Debby D and Wang, Ran and Yan, Hong},
  journal={Neurocomputing},
  volume={128},
  pages={258--266},
  year={2014},
  publisher={Elsevier}
}

@article{geng2015prediction,
  title={Prediction of protein-protein interaction sites based on naive Bayes classifier},
  author={Geng, Haijiang and Lu, Tao and Lin, Xiao and Liu, Yu and Yan, Fangrong},
  journal={Biochemistry research international},
  volume={2015},
  year={2015},
  publisher={Hindawi}
}

@article{jia2016ippbs,
  title={iPPBS-Opt: a sequence-based ensemble classifier for identifying protein-protein binding sites by optimizing imbalanced training datasets},
  author={Jia, Jianhua and Liu, Zi and Xiao, Xuan and Liu, Bingxiang and Chou, Kuo-Chen},
  journal={Molecules},
  volume={21},
  number={1},
  pages={95},
  year={2016},
  publisher={Multidisciplinary Digital Publishing Institute}
}

% word2vec
@inproceedings{mikolov2013distributed,
  title={Distributed representations of words and phrases and their compositionality},
  author={Mikolov, Tomas and Sutskever, Ilya and Chen, Kai and Corrado, Greg S and Dean, Jeff},
  booktitle={Advances in neural information processing systems},
  pages={3111--3119},
  year={2013}
}

% BioLip
@article{yang2012biolip,
  title={BioLiP: a semi-manually curated database for biologically relevant ligand--protein interactions},
  author={Yang, Jianyi and Roy, Ambrish and Zhang, Yang},
  journal={Nucleic acids research},
  volume={41},
  number={D1},
  pages={D1096--D1103},
  year={2012},
  publisher={Oxford University Press}
}

@article{wang2019protein,
  title={Protein--protein interaction sites prediction by ensemble random forests with synthetic minority oversampling technique},
  author={Wang, Xiaoying and Yu, Bin and Ma, Anjun and Chen, Cheng and Liu, Bingqiang and Ma, Qin},
  journal={Bioinformatics},
  volume={35},
  number={14},
  pages={2395--2402},
  year={2019},
  publisher={Oxford University Press}
}

@article{devlin2018bert,
  title={Bert: Pre-training of deep bidirectional transformers for language understanding},
  author={Devlin, Jacob and Chang, Ming-Wei and Lee, Kenton and Toutanova, Kristina},
  journal={arXiv preprint arXiv:1810.04805},
  year={2018}
}

@article{wang2003pisces,
  title={PISCES: a protein sequence culling server},
  author={Wang, Guoli and Dunbrack Jr, Roland L},
  journal={Bioinformatics},
  volume={19},
  number={12},
  pages={1589--1591},
  year={2003},
  publisher={Oxford University Press}
}

@article{andluis2016survey,
  title={A survey of predictive modeling under imbal-anced distributions},
  author={andLuis Torgo, Paula Branco and Ribeiro, Rita},
  journal={ACM Comput. Surv},
  volume={49},
  number={2},
  pages={1--31},
  year={2016}
}

@book{jones2004introduction,
  title={An introduction to bioinformatics algorithms},
  author={Jones, Neil C and Pevzner, Pavel},
  year={2004},
  publisher={MIT press}
}

@article{pitre2006pipe,
  title={PIPE: a protein-protein interaction prediction engine based on the re-occurring short polypeptide sequences between known interacting protein pairs},
  author={Pitre, Sylvain and Dehne, Frank and Chan, Albert and Cheetham, Jim and Duong, Alex and Emili, Andrew and Gebbia, Marinella and Greenblatt, Jack and Jessulat, Mathew and Krogan, Nevan and others},
  journal={BMC bioinformatics},
  volume={7},
  number={1},
  pages={365},
  year={2006},
  publisher={BioMed Central Ltd}
}

@article{jessulat2011recent,
  title={Recent advances in protein-protein interaction prediction: experimental and computational methods},
  author={Jessulat, Matthew and Pitre, Sylvain and Gui, Yuan and Hooshyar, Mohsen and Omidi, Katayoun and Samanfar, Bahram and Tan, Le Hoa and Alamgir, Md and Green, James and Dehne, Frank and others},
  journal={Expert Opinion on Drug Discovery},
  volume={6},
  number={9},
  pages={921--935},
  year={2011},
  publisher={Informa UK, Ltd. London}
}

@book{schleif1993genetics,
  title={Genetics and molecular biology.},
  author={Schleif, Robert and others},
  number={Ed. 2},
  year={1993},
  publisher={Johns Hopkins University Press}
}

@article{eisenberg2000protein,
  title={Protein function in the post-genomic era},
  author={Eisenberg, David and Marcotte, Edward M and Xenarios, Ioannis and Yeates, Todd O},
  journal={Nature},
  volume={405},
  number={6788},
  pages={823--826},
  year={2000},
  publisher={Nature Publishing Group}
}

@article{bader2003functional,
  title={Functional genomics and proteomics: charting a multidimensional map of the yeast cell},
  author={Bader, Gary D and Heilbut, Adrian and Andrews, Brenda and Tyers, Mike and Hughes, Timothy and Boone, Charles},
  journal={Trends in cell biology},
  volume={13},
  number={7},
  pages={344--356},
  year={2003},
  publisher={Elsevier}
}

@article{pandey2000proteomics,
  title={Proteomics to study genes and genomes},
  author={Pandey, Akhilesh and Mann, Matthias},
  journal={Nature},
  volume={405},
  number={6788},
  pages={837--846},
  year={2000},
  publisher={Nature Publishing Group}
}

@article{schwikowski2000network,
  title={A network of protein--protein interactions in yeast},
  author={Schwikowski, Benno and Uetz, Peter and Fields, Stanley},
  journal={Nature biotechnology},
  volume={18},
  number={12},
  pages={1257--1261},
  year={2000},
  publisher={Nature Publishing Group}
}

@incollection{pitre2008computational,
  title={Computational methods for predicting protein--protein interactions},
  author={Pitre, Sylvain and Alamgir, Md and Green, James R and Dumontier, Michel and Dehne, Frank and Golshani, Ashkan},
  booktitle={Protein--Protein Interaction},
  pages={247--267},
  year={2008},
  publisher={Springer}
}

@article{proudfoot2008biochemical,
  title={Biochemical and structural characterization of a novel family of cystathionine $\beta$-synthase domain proteins fused to a Zn ribbon-like domain},
  author={Proudfoot, Michael and Sanders, Stephen A and Singer, Alex and Zhang, Rongguang and Brown, Greg and Binkowski, Andrew and Xu, Linda and Lukin, Jonathan A and Murzin, Alexey G and Joachimiak, Andrzej and others},
  journal={Journal of molecular biology},
  volume={375},
  number={1},
  pages={301--315},
  year={2008},
  publisher={Elsevier}
}

@article{ta2009evaluation,
  title={Evaluation of different domain-based methods in protein interaction prediction},
  author={Ta, Hung Xuan and Holm, Liisa},
  journal={Biochemical and biophysical research communications},
  volume={390},
  number={3},
  pages={357--362},
  year={2009},
  publisher={Elsevier}
}

@article{sprinzak2003reliable,
  title={How reliable are experimental protein--protein interaction data?},
  author={Sprinzak, Einat and Sattath, Shmuel and Margalit, Hanah},
  journal={Journal of molecular biology},
  volume={327},
  number={5},
  pages={919--923},
  year={2003},
  publisher={Elsevier}
}

@article{park2009critical,
  title={Critical assessment of sequence-based protein-protein interaction prediction methods that do not require homologous protein sequences},
  author={Park, Yungki},
  journal={BMC bioinformatics},
  volume={10},
  number={1},
  pages={419},
  year={2009},
  publisher={BioMed Central Ltd}
}

@article{sharan2007network,
  title={Network-based prediction of protein function},
  author={Sharan, Roded and Ulitsky, Igor and Shamir, Ron},
  journal={Molecular systems biology},
  volume={3},
  number={1},
  year={2007},
  publisher={Nature Publishing Group}
}

@article{levy2008evolution,
  title={Evolution and dynamics of protein interactions and networks},
  author={Levy, Emmanuel D and Pereira-Leal, Jose B},
  journal={Current opinion in structural biology},
  volume={18},
  number={3},
  pages={349--357},
  year={2008},
  publisher={Elsevier}
}

@article{suter2008two,
  title={Two-hybrid technologies in proteomics research},
  author={Suter, Bernhard and Kittanakom, Saranya and Stagljar, Igor},
  journal={Current opinion in biotechnology},
  volume={19},
  number={4},
  pages={316--323},
  year={2008},
  publisher={Elsevier}
}

@article{fields1989novel,
  title={A novel genetic system to detect protein protein interactions},
  author={Fields, Stanley and Song, Ok-kyu},
  year={1989},
  publisher={Nature Publishing Group}
}

@article{stephens2000use,
  title={The Use of Yeast Two-Hybrid Screens in Studies of Protein: Protein Interactions Involved in Trafficking},
  author={Stephens, David J and Banting, George},
  journal={Traffic},
  volume={1},
  number={10},
  pages={763--768},
  year={2000},
  publisher={Wiley Online Library}
}

@article{semple2002jury,
  title={The jury is out on ‘guilt by association’trials},
  author={Semple, Jennifer I and Sanderson, Christopher M and Campbell, R Duncan},
  journal={Briefings in functional genomics \& proteomics},
  volume={1},
  number={1},
  pages={40--52},
  year={2002},
  publisher={Oxford University Press}
}

@article{rigaut1999generic,
  title={A generic protein purification method for protein complex characterization and proteome exploration},
  author={Rigaut, Guillaume and Shevchenko, Anna and Rutz, Berthold and Wilm, Matthias and Mann, Matthias and S{\'e}raphin, Bertrand},
  journal={Nature biotechnology},
  volume={17},
  number={10},
  pages={1030--1032},
  year={1999},
  publisher={Nature Publishing Group}
}

@article{pierotti2010targeted,
  title={Targeted therapies: the rare cancer paradigm},
  author={Pierotti, Marco A and Negri, Tiziana and Tamborini, Elena and Perrone, Federica and Pricl, Sabrina and Pilotti, Silvana},
  journal={Molecular oncology},
  volume={4},
  number={1},
  pages={19--37},
  year={2010},
  publisher={Elsevier}
}

@article{valencia2002computational,
  title={Computational methods for the prediction of protein interactions},
  author={Valencia, Alfonso and Pazos, Florencio},
  journal={Current opinion in structural biology},
  volume={12},
  number={3},
  pages={368--373},
  year={2002},
  publisher={Elsevier}
}

@article{fraser2002evolutionary,
  title={Evolutionary rate in the protein interaction network},
  author={Fraser, Hunter B and Hirsh, Aaron E and Steinmetz, Lars M and Scharfe, Curt and Feldman, Marcus W},
  journal={Science},
  volume={296},
  number={5568},
  pages={750--752},
  year={2002},
  publisher={American Association for the Advancement of Science}
}

@article{ma2003protein,
  title={Protein--protein interactions: structurally conserved residues distinguish between binding sites and exposed protein surfaces},
  author={Ma, Buyong and Elkayam, Tal and Wolfson, Haim and Nussinov, Ruth},
  journal={Proceedings of the National Academy of Sciences},
  volume={100},
  number={10},
  pages={5772--5777},
  year={2003},
  publisher={National Acad Sciences}
}

@article{kundrotas2010accuracy,
  title={Accuracy of protein-protein binding sites in high-throughput template-based modeling},
  author={Kundrotas, Petras J and Vakser, Ilya A},
  journal={PLoS computational biology},
  volume={6},
  number={4},
  pages={e1000727},
  year={2010},
  publisher={Public Library of Science}
}

@article{sinha2010docking,
  title={Docking by structural similarity at protein-protein interfaces},
  author={Sinha, Rohita and Kundrotas, Petras J and Vakser, Ilya A},
  journal={Proteins: Structure, Function, and Bioinformatics},
  volume={78},
  number={15},
  pages={3235--3241},
  year={2010},
  publisher={Wiley Online Library}
}

@article{espadaler2005prediction,
  title={Prediction of protein--protein interactions using distant conservation of sequence patterns and structure relationships},
  author={Espadaler, Jordi and Romero-Isart, Oriol and Jackson, Richard M and Oliva, Baldo},
  journal={Bioinformatics},
  volume={21},
  number={16},
  pages={3360--3368},
  year={2005},
  publisher={Oxford Univ Press}
}

@article{bock2001predicting,
  title={Predicting protein--protein interactions from primary structure},
  author={Bock, Joel R and Gough, David A},
  journal={Bioinformatics},
  volume={17},
  number={5},
  pages={455--460},
  year={2001},
  publisher={Oxford Univ Press}
}

@article{martin2005predicting,
  title={Predicting protein--protein interactions using signature products},
  author={Martin, Shawn and Roe, Diana and Faulon, Jean-Loup},
  journal={Bioinformatics},
  volume={21},
  number={2},
  pages={218--226},
  year={2005},
  publisher={Oxford Univ Press}
}

@article{martin2005predicting,
  title={Predicting protein--protein interactions using signature products},
  author={Martin, Shawn and Roe, Diana and Faulon, Jean-Loup},
  journal={Bioinformatics},
  volume={21},
  number={2},
  pages={218--226},
  year={2005},
  publisher={Oxford Univ Press}
}

@article{pitre2008global,
  title={Global investigation of protein--protein interactions in yeast Saccharomyces cerevisiae using re-occurring short polypeptide sequences},
  author={Pitre, S and North, C and Alamgir, M and Jessulat, M and Chan, A and Luo, X and Green, JR and Dumontier, M and Dehne, F and Golshani, A},
  journal={Nucleic acids research},
  volume={36},
  number={13},
  pages={4286--4294},
  year={2008},
  publisher={Oxford Univ Press}
}

@article{shen2007predicting,
  title={Predicting protein--protein interactions based only on sequences information},
  author={Shen, Juwen and Zhang, Jian and Luo, Xiaomin and Zhu, Weiliang and Yu, Kunqian and Chen, Kaixian and Li, Yixue and Jiang, Hualiang},
  journal={Proceedings of the National Academy of Sciences},
  volume={104},
  number={11},
  pages={4337--4341},
  year={2007},
  publisher={National Acad Sciences}
}

@article{guo2008using,
  title={Using support vector machine combined with auto covariance to predict protein--protein interactions from protein sequences},
  author={Guo, Yanzhi and Yu, Lezheng and Wen, Zhining and Li, Menglong},
  journal={Nucleic acids research},
  volume={36},
  number={9},
  pages={3025--3030},
  year={2008},
  publisher={Oxford Univ Press}
}

@article{white1959principles,
  title={Principles of biochemistry.},
  author={White, Abraham and Handler, Philip and Smith, Emil and Stetten Jr, DeWitt and others},
  journal={Principles of Biochemistry.},
  number={Edn 2},
  year={1959},
  publisher={McGraw-Hill Publishing Co. Ltd.}
}

@article{ma2002patternhunter,
  title={PatternHunter: faster and more sensitive homology search},
  author={Ma, Bin and Tromp, John and Li, Ming},
  journal={Bioinformatics},
  volume={18},
  number={3},
  pages={440--445},
  year={2002},
  publisher={Oxford Univ Press}
}

@article{altschul1990basic,
  title={Basic local alignment search tool},
  author={Altschul, Stephen F and Gish, Warren and Miller, Webb and Myers, Eugene W and Lipman, David J},
  journal={Journal of molecular biology},
  volume={215},
  number={3},
  pages={403--410},
  year={1990},
  publisher={Elsevier}
}

@article{mohamadi2012oligonucleotide,
  title={Oligonucleotide Probe Design for Large Genomes using Multiple Spaced Seeds},
  author={Mohamadi, Hamid},
  year={2012},
  publisher={McMaster University Library}
}

@article{ilie2011speed,
  title={SpEED: fast computation of sensitive spaced seeds},
  author={Ilie, Lucian and Ilie, Silvana and Bigvand, Anahita Mansouri},
  journal={Bioinformatics},
  volume={27},
  number={17},
  pages={2433--2434},
  year={2011},
  publisher={Oxford Univ Press}
}

@article{li2004patternhunter,
  title={PatternHunter II: Highly sensitive and fast homology search},
  author={Li, Ming and Ma, Bin and Kisman, Derek and Tromp, John},
  journal={Journal of Bioinformatics and Computational Biology},
  volume={2},
  number={03},
  pages={417--439},
  year={2004},
  publisher={World Scientific}
}


@article{ben2006choosing,
  title={Choosing negative examples for the prediction of protein-protein interactions},
  author={Ben-Hur, Asa and Noble, William S},
  journal={BMC bioinformatics},
  volume={7},
  number={Suppl 1},
  pages={S2},
  year={2006},
  publisher={BioMed Central Ltd}
}

@inproceedings{kohavi1995study,
  title={A study of cross-validation and bootstrap for accuracy estimation and model selection},
  author={Kohavi, Ron and others},
  booktitle={IJCAI},
  volume={14},
  number={2},
  pages={1137--1145},
  year={1995}
}

@article{wootton1993statistics,
  title={Statistics of local complexity in amino acid sequences and sequence databases},
  author={Wootton, John C and Federhen, Scott},
  journal={Computers \& chemistry},
  volume={17},
  number={2},
  pages={149--163},
  year={1993},
  publisher={Elsevier}
}
@article{fawcett2006introduction,
  title={An introduction to ROC analysis},
  author={Fawcett, Tom},
  journal={Pattern recognition letters},
  volume={27},
  number={8},
  pages={861--874},
  year={2006},
  publisher={Elsevier}
}

@book{trevor2001elements,
  title={The elements of statistical learning},
  author={Trevor. Hastie and Robert. Tibshirani and Friedman, J Jerome H},
  volume={1},
  year={2001},
  publisher={Springer New York}
}

@article{salwinski2004database,
  title={The database of interacting proteins: 2004 update},
  author={Salwinski, Lukasz and Miller, Christopher S and Smith, Adam J and Pettit, Frank K and Bowie, James U and Eisenberg, David},
  journal={Nucleic acids research},
  volume={32},
  number={suppl 1},
  pages={D449--D451},
  year={2004},
  publisher={Oxford Univ Press}
}

@article{ilie2007multiple,
  title={Multiple spaced seeds for homology search},
  author={Ilie, Lucian and Ilie, Silvana},
  journal={Bioinformatics},
  volume={23},
  number={22},
  pages={2969--2977},
  year={2007},
  publisher={Oxford Univ Press}
}

@article{henikoff1992amino,
  title={Amino acid substitution matrices from protein blocks},
  author={Henikoff, Steven and Henikoff, Jorja G},
  journal={Proceedings of the National Academy of Sciences},
  volume={89},
  number={22},
  pages={10915--10919},
  year={1992},
  publisher={National Acad Sciences}
}

@inproceedings{schoenrock2011mp,
  title={MP-PIPE: a massively parallel protein-protein interaction prediction engine},
  author={Schoenrock, Andrew and Dehne, Frank and Green, James R and Golshani, Ashkan and Pitre, Sylvain},
  booktitle={Proceedings of the international conference on Supercomputing},
  pages={327--337},
  year={2011},
  organization={ACM}
}
@article{esmaielbeiki2016progress,
  title={Progress and challenges in predicting protein interfaces},
  author={Esmaielbeiki, Reyhaneh and Krawczyk, Konrad and Knapp, Bernhard and Nebel, Jean-Christophe and Deane, Charlotte M},
  journal={Briefings in Bioinformatics},
  volume={17},
  number={1},
  pages={117--131},
  year={2016},
  publisher={Oxford Univ Press}
}

@article{koyuturk2006pairwise,
  title={Pairwise alignment of protein interaction networks},
  author={Koyut{\"u}rk, Mehmet and Kim, Yohan and Topkara, Umut and Subramaniam, Shankar and Szpankowski, Wojciech and Grama, Ananth},
  journal={Journal of Computational Biology},
  volume={13},
  number={2},
  pages={182--199},
  year={2006},
  publisher={Mary Ann Liebert, Inc. 2 Madison Avenue Larchmont, NY 10538 USA}
}

@article{mina2014improving,
  title={Improving the robustness of local network alignment: design and extensive assessmentof a markov clustering-based approach},
  author={Mina, Mani and Guzzi, Pietro H},
  journal={Computational Biology and Bioinformatics, IEEE/ACM Transactions on},
  volume={11},
  number={3},
  pages={561--572},
  year={2014},
  publisher={IEEE}
}

@article{park2011revisiting,
  title={Revisiting the negative example sampling problem for predicting protein--protein interactions},
  author={Park, Yungki and Marcotte, Edward M},
  journal={Bioinformatics},
  volume={27},
  number={21},
  pages={3024--3028},
  year={2011},
  publisher={Oxford Univ Press}
}
@phdthesis{li1841new,
  title={A New Algorithm for Protein-Protein Interaction Prediction},
  author={Li, Yiwei},
  year={2013},
  school={The University of Western Ontario}
}
@article{park2012flaws,
  title={Flaws in evaluation schemes for pair-input computational predictions},
  author={Park, Yungki and Marcotte, Edward M},
  journal={Nature methods},
  volume={9},
  number={12},
  pages={1134--1136},
  year={2012},
  publisher={Nature Publishing Group}
}
@article{hamp2015more,
  title={More challenges for machine-learning protein interactions},
  author={Hamp, Tobias and Rost, Burkhard},
  journal={Bioinformatics},
  volume={31},
  number={10},
  pages={1521--1525},
  year={2015},
  publisher={Oxford Univ Press}
}
@article{singh2008global,
  title={Global alignment of multiple protein interaction networks with application to functional orthology detection},
  author={Singh, Rohit and Xu, Jinbo and Berger, Bonnie},
  journal={Proceedings of the National Academy of Sciences},
  volume={105},
  number={35},
  pages={12763--12768},
  year={2008},
  publisher={National Acad Sciences}
}
@article{kuchaiev2010topological,
  title={Topological network alignment uncovers biological function and phylogeny},
  author={Kuchaiev, Oleksii and Milenkovi{\'c}, Tijana and Memi{\v{s}}evi{\'c}, Vesna and Hayes, Wayne and Pr{\v{z}}ulj, Nata{\v{s}}a},
  journal={Journal of the Royal Society Interface},
  volume={7},
  number={50},
  pages={1341--1354},
  year={2010},
  publisher={The Royal Society}
}
@article{aladaug2013spinal,
  title={SPINAL: scalable protein interaction network alignment},
  author={Alada{\u{g}}, Ahmet E and Erten, Cesim},
  journal={Bioinformatics},
  volume={29},
  number={7},
  pages={917--924},
  year={2013},
  publisher={Oxford Univ Press}
}
@article{sharan2005conserved,
  title={Conserved patterns of protein interaction in multiple species},
  author={Sharan, Roded and Suthram, Silpa and Kelley, Ryan M and Kuhn, Tanja and McCuine, Scott and Uetz, Peter and Sittler, Taylor and Karp, Richard M and Ideker, Trey},
  journal={Proceedings of the National Academy of Sciences of the United States of America},
  volume={102},
  number={6},
  pages={1974--1979},
  year={2005},
  publisher={National Acad Sciences}
}
@article{koyuturk2006pairwise,
  title={Pairwise alignment of protein interaction networks},
  author={Koyut{\"u}rk, Mehmet and Kim, Yohan and Topkara, Umut and Subramaniam, Shankar and Szpankowski, Wojciech and Grama, Ananth},
  journal={Journal of Computational Biology},
  volume={13},
  number={2},
  pages={182--199},
  year={2006},
  publisher={Mary Ann Liebert, Inc. 2 Madison Avenue Larchmont, NY 10538 USA}
}
@inproceedings{mina2012alignmcl,
  title={AlignMCL: Comparative analysis of protein interaction networks through Markov clustering},
  author={Mina, Mani and Guzzi, Pietro H},
  booktitle={Bioinformatics and Biomedicine Workshops (BIBMW), 2012 IEEE International Conference on},
  pages={174--181},
  year={2012},
  organization={IEEE}
}
@article{grau2015prroc,
  title={PRROC: computing and visualizing precision-recall and receiver operating characteristic curves in R},
  author={Grau, Jan and Grosse, Ivo and Keilwagen, Jens},
  journal={Bioinformatics},
  volume={31},
  number={15},
  pages={2595--2597},
  year={2015},
  publisher={Oxford Univ Press}
}
@article{sing2005rocr,
  title={ROCR: visualizing classifier performance in R},
  author={Sing, Tobias and Sander, Oliver and Beerenwinkel, Niko and Lengauer, Thomas},
  journal={Bioinformatics},
  volume={21},
  number={20},
  pages={3940--3941},
  year={2005},
  publisher={Oxford Univ Press}
}
@article{uniprot2014uniprot,
  title={UniProt: a hub for protein information},
  author={UniProt Consortium and others},
  journal={Nucleic acids research},
  pages={gku989},
  year={2014},
  publisher={Oxford Univ Press}
}
@article{prasad2009human,
  title={Human protein reference database—2009 update},
  author={Prasad, TS Keshava and Goel, Renu and Kandasamy, Kumaran and Keerthikumar, Shivakumar and Kumar, Sameer and Mathivanan, Suresh and Telikicherla, Deepthi and Raju, Rajesh and Shafreen, Beema and Venugopal, Abhilash and others},
  journal={Nucleic acids research},
  volume={37},
  number={suppl 1},
  pages={D767--D772},
  year={2009},
  publisher={Oxford Univ Press}
}

@article{qian2014protein,
  title={Protein-Protein Interaction Network Alignment},
  author={Qian, Yu},
  year={2014}
}


@article{kini1996prediction,
  title={Prediction of potential protein-protein interaction sites from amino acid sequence},
  author={Kini, R Manjunatha and Evans, Herbert J},
  journal={FEBS letters},
  volume={385},
  number={1-2},
  pages={81--86},
  year={1996},
  publisher={Wiley Online Library}
}
@article{mika2003uniqueprot,
  title={UniqueProt: creating representative protein sequence sets},
  author={Mika, Sven and Rost, Burkhard},
  journal={Nucleic Acids Research},
  volume={31},
  number={13},
  pages={3789--3791},
  year={2003},
  publisher={Oxford Univ Press}
}
@article{pazos1997correlated,
  title={Correlated mutations contain information about protein-protein interaction},
  author={Pazos, Florencio and Helmer-Citterich, Manuela and Ausiello, Gabriele and Valencia, Alfonso},
  journal={Journal of molecular biology},
  volume={271},
  number={4},
  pages={511--523},
  year={1997},
  publisher={Elsevier}
}

% Survey 2017: deep learning in Bioinformatics
@article{min2017deep,
  title={Deep learning in bioinformatics},
  author={Min, Seonwoo and Lee, Byunghan and Yoon, Sungroh},
  journal={Briefings in bioinformatics},
  volume={18},
  number={5},
  pages={851--869},
  year={2017},
  publisher={Oxford University Press}
}
% survey2, 2006: Machine learning in bioinformatics
@article{larranaga2006machine,
  title={Machine learning in bioinformatics},
  author={Larranaga, Pedro and Calvo, Borja and Santana, Roberto and Bielza, Concha and Galdiano, Josu and Inza, Inaki and Lozano, Jos{\'e} A and Armananzas, Rub{\'e}n and Santaf{\'e}, Guzm{\'a}n and P{\'e}rez, Aritz and others},
  journal={Briefings in bioinformatics},
  volume={7},
  number={1},
  pages={86--112},
  year={2006},
  publisher={Oxford University Press}
}

% alpha Fold
@article{senior2020improved,
  title={Improved protein structure prediction using potentials from deep learning},
  author={Senior, Andrew W and Evans, Richard and Jumper, John and Kirkpatrick, James and Sifre, Laurent and Green, Tim and Qin, Chongli and {\v{Z}}{\'\i}dek, Augustin and Nelson, Alexander WR and Bridgland, Alex and others},
  journal={Nature},
  pages={1--5},
  year={2020},
  publisher={Nature Publishing Group}
}

% alpha go
@article{silver2017mastering,
  title={Mastering the game of go without human knowledge},
  author={Silver, David and Schrittwieser, Julian and Simonyan, Karen and Antonoglou, Ioannis and Huang, Aja and Guez, Arthur and Hubert, Thomas and Baker, Lucas and Lai, Matthew and Bolton, Adrian and others},
  journal={Nature},
  volume={550},
  number={7676},
  pages={354--359},
  year={2017},
  publisher={Nature Publishing Group}
}

% AlexNet
@inproceedings{krizhevsky2012imagenet,
  title={Imagenet classification with deep convolutional neural networks},
  author={Krizhevsky, Alex and Sutskever, Ilya and Hinton, Geoffrey E},
  booktitle={Advances in neural information processing systems},
  pages={1097--1105},
  year={2012}
}

% pyTorch
@incollection{NEURIPS2019_9015,
title = {PyTorch: An Imperative Style, High-Performance Deep Learning Library},
author = {Paszke, Adam and Gross, Sam and Massa, Francisco and Lerer, Adam and Bradbury, James and Chanan, Gregory and Killeen, Trevor and Lin, Zeming and Gimelshein, Natalia and Antiga, Luca and Desmaison, Alban and Kopf, Andreas and Yang, Edward and DeVito, Zachary and Raison, Martin and Tejani, Alykhan and Chilamkurthy, Sasank and Steiner, Benoit and Fang, Lu and Bai, Junjie and Chintala, Soumith},
booktitle = {Advances in Neural Information Processing Systems 32},
editor = {H. Wallach and H. Larochelle and A. Beygelzimer and F. dAlch\'{e}-Buc and E. Fox and R. Garnett},
pages = {8024--8035},
year = {2019},
publisher = {Curran Associates, Inc.},
url = {http://papers.neurips.cc/paper/9015-pytorch-an-imperative-style-high-performance-deep-learning-library.pdf}
}

% caffee
@article{jia2014caffe,
  Author = {Jia, Yangqing and Shelhamer, Evan and Donahue, Jeff and Karayev, Sergey and Long, Jonathan and Girshick, Ross and Guadarrama, Sergio and Darrell, Trevor},
  Journal = {arXiv preprint arXiv:1408.5093},
  Title = {Caffe: Convolutional Architecture for Fast Feature Embedding},
  Year = {2014}
}

% llvm
@inproceedings{lattner2004llvm,
  title={LLVM: A compilation framework for lifelong program analysis \& transformation},
  author={Lattner, Chris and Adve, Vikram},
  booktitle={International Symposium on Code Generation and Optimization, 2004. CGO 2004.},
  pages={75--86},
  year={2004},
  organization={IEEE}
}

% gradient descent
@article{robbins1951stochastic,
  title={A stochastic approximation method},
  author={Robbins, Herbert and Monro, Sutton},
  journal={The annals of mathematical statistics},
  pages={400--407},
  year={1951},
  publisher={JSTOR}
}

% zfnet
@inproceedings{zeiler2014visualizing,
  title={Visualizing and understanding convolutional networks},
  author={Zeiler, Matthew D and Fergus, Rob},
  booktitle={European conference on computer vision},
  pages={818--833},
  year={2014},
  organization={Springer}
}
% inceptionv1
@inproceedings{szegedy2015going,
  title={Going deeper with convolutions},
  author={Szegedy, Christian and Liu, Wei and Jia, Yangqing and Sermanet, Pierre and Reed, Scott and Anguelov, Dragomir and Erhan, Dumitru and Vanhoucke, Vincent and Rabinovich, Andrew},
  booktitle={Proceedings of the IEEE conference on computer vision and pattern recognition},
  pages={1--9},
  year={2015}
}
% VGGNet
@article{simonyan2014very,
  title={Very deep convolutional networks for large-scale image recognition},
  author={Simonyan, Karen and Zisserman, Andrew},
  journal={arXiv preprint arXiv:1409.1556},
  year={2014}
}
% resnet50
@inproceedings{he2016deep,
  title={Deep residual learning for image recognition},
  author={He, Kaiming and Zhang, Xiangyu and Ren, Shaoqing and Sun, Jian},
  booktitle={Proceedings of the IEEE conference on computer vision and pattern recognition},
  pages={770--778},
  year={2016}
}

% xception
@inproceedings{chollet2017xception,
  title={Xception: Deep learning with depthwise separable convolutions},
  author={Chollet, Fran{\c{c}}ois},
  booktitle={Proceedings of the IEEE conference on computer vision and pattern recognition},
  pages={1251--1258},
  year={2017}
}

% resnetxt
@inproceedings{xie2017aggregated,
  title={Aggregated residual transformations for deep neural networks},
  author={Xie, Saining and Girshick, Ross and Doll{\'a}r, Piotr and Tu, Zhuowen and He, Kaiming},
  booktitle={Proceedings of the IEEE conference on computer vision and pattern recognition},
  pages={1492--1500},
  year={2017}
}

@inproceedings{pascanu2013difficulty,
  title={On the difficulty of training recurrent neural networks},
  author={Pascanu, Razvan and Mikolov, Tomas and Bengio, Yoshua},
  booktitle={International conference on machine learning},
  pages={1310--1318},
  year={2013}
}

% LSTM
@article{hochreiter1997long,
  title={Long short-term memory},
  author={Hochreiter, Sepp and Schmidhuber, J{\"u}rgen},
  journal={Neural computation},
  volume={9},
  number={8},
  pages={1735--1780},
  year={1997},
  publisher={MIT Press}
}

% GRU
@article{cho2014learning,
  title={Learning phrase representations using RNN encoder-decoder for statistical machine translation},
  author={Cho, Kyunghyun and Van Merri{\"e}nboer, Bart and Gulcehre, Caglar and Bahdanau, Dzmitry and Bougares, Fethi and Schwenk, Holger and Bengio, Yoshua},
  journal={arXiv preprint arXiv:1406.1078},
  year={2014}
}

% book: deep learning 
@book{goodfellow2016deep,
  title={Deep learning},
  author={Goodfellow, Ian and Bengio, Yoshua and Courville, Aaron},
  year={2016},
  publisher={MIT press}
}

% dropout
@article{srivastava2014dropout,
  title={Dropout: a simple way to prevent neural networks from overfitting},
  author={Srivastava, Nitish and Hinton, Geoffrey and Krizhevsky, Alex and Sutskever, Ilya and Salakhutdinov, Ruslan},
  journal={The journal of machine learning research},
  volume={15},
  number={1},
  pages={1929--1958},
  year={2014},
  publisher={JMLR. org}
}

@article{chawla2004special,
  title={Special issue on learning from imbalanced data sets},
  author={Chawla, Nitesh V and Japkowicz, Nathalie and Kotcz, Aleksander},
  journal={ACM SIGKDD explorations newsletter},
  volume={6},
  number={1},
  pages={1--6},
  year={2004},
  publisher={ACM New York, NY, USA}
}

% SMOTE
@article{chawla2002smote,
  title={SMOTE: synthetic minority over-sampling technique},
  author={Chawla, Nitesh V and Bowyer, Kevin W and Hall, Lawrence O and Kegelmeyer, W Philip},
  journal={Journal of artificial intelligence research},
  volume={16},
  pages={321--357},
  year={2002}
}

% DELPHI
@article{li2020delphi,
  title={DELPHI: accurate deep ensemble model for protein interaction sites prediction},
  author={Li, Yiwei and Ilie, Lucian},
  journal={bioRxiv},
  year={2020},
  publisher={Cold Spring Harbor Laboratory}
}

% Davinci
@inproceedings{liao2019davinci,
  title={DaVinci: A Scalable Architecture for Neural Network Computing},
  author={Liao, Heng and Tu, Jiajin and Xia, Jing and Zhou, Xiping},
  booktitle={2019 IEEE Hot Chips 31 Symposium (HCS)},
  pages={1--44},
  year={2019},
  organization={IEEE}
}

% MLIR
@article{lattner2020mlir,
  title={MLIR: A Compiler Infrastructure for the End of Moore's Law},
  author={Lattner, Chris and Pienaar, Jacques and Amini, Mehdi and Bondhugula, Uday and Riddle, River and Cohen, Albert and Shpeisman, Tatiana and Davis, Andy and Vasilache, Nicolas and Zinenko, Oleksandr},
  journal={arXiv preprint arXiv:2002.11054},
  year={2020}
}

% TVM
@inproceedings{chen2018tvm,
  title={$\{$TVM$\}$: An automated end-to-end optimizing compiler for deep learning},
  author={Chen, Tianqi and Moreau, Thierry and Jiang, Ziheng and Zheng, Lianmin and Yan, Eddie and Shen, Haichen and Cowan, Meghan and Wang, Leyuan and Hu, Yuwei and Ceze, Luis and others},
  booktitle={13th $\{$USENIX$\}$ Symposium on Operating Systems Design and Implementation ($\{$OSDI$\}$ 18)},
  pages={578--594},
  year={2018}
}

% relu
@article{agarap2018deep,
  title={Deep learning using rectified linear units (relu)},
  author={Agarap, Abien Fred},
  journal={arXiv preprint arXiv:1803.08375},
  year={2018}
}

@article{velankar2012sifts,
  title={SIFTS: structure integration with function, taxonomy and sequences resource},
  author={Velankar, Sameer and Dana, Jos{\'e} M and Jacobsen, Julius and Van Ginkel, Glen and Gane, Paul J and Luo, Jie and Oldfield, Thomas J and O’Donovan, Claire and Martin, Maria-Jesus and Kleywegt, Gerard J},
  journal={Nucleic acids research},
  volume={41},
  number={D1},
  pages={D483--D489},
  year={2012},
  publisher={Oxford University Press}
}

@article{liu2012proteome,
  title={Proteome-wide prediction of protein-protein interactions from high-throughput data},
  author={Liu, Zhi-Ping and Chen, Luonan},
  journal={Protein \& cell},
  volume={3},
  number={7},
  pages={508--520},
  year={2012},
  publisher={Springer}
}

@article{zahiri2013computational,
  title={Computational prediction of protein--protein interaction networks: algorithms and resources},
  author={Zahiri, Javad and Hannon Bozorgmehr, Joseph and Masoudi-Nejad, Ali},
  journal={Current genomics},
  volume={14},
  number={6},
  pages={397--414},
  year={2013},
  publisher={Bentham Science Publishers}
}
